@UNPUBLISHED{franktakes,
 author = {Frank Takes},
 title = {Sokoban: Reversed Solving Bachelor Thesis. \\ \url{http://www.liacs.nl/~ftakes/pdf/sokobanthesis.pdf}.}
 }
 